@article{goldsmith2010penalized,
  title={Penalized functional regression},
  author={Goldsmith, Jeff and Feder, Jennifer and Crainiceanu, Ciprian M and Caffo, Brian and Reich, Daniel},
  year={2010},
  publisher={bepress}
}
@article{vapnik1997support,
  title={Support vector method for function approximation, regression estimation, and signal processing},
  author={Vapnik, Vladimir and Golowich, Steven E and Smola, Alex},
  journal={Advances in neural information processing systems},
  pages={281--287},
  year={1997},
  publisher={MORGAN KAUFMANN PUBLISHERS}
}

@article{wager2013fmri,
  title={An fMRI-based neurologic signature of physical pain},
  author={Wager, Tor D and Atlas, Lauren Y and Lindquist, Martin A and Roy, Mathieu and Woo, Choong-Wan and Kross, Ethan},
  journal={New England Journal of Medicine},
  volume={368},
  number={15},
  pages={1388--1397},
  year={2013},
  publisher={Mass Medical Soc}
}
@article{nishimoto2011reconstructing,
  title={Reconstructing visual experiences from brain activity evoked by natural movies},
  author={Nishimoto, Shinji and Vu, An T and Naselaris, Thomas and Benjamini, Yuval and Yu, Bin and Gallant, Jack L},
  journal={Current Biology},
  volume={21},
  number={19},
  pages={1641--1646},
  year={2011},
  publisher={Elsevier}
}
@article{dimitriadou2008misc,
  title={Misc functions of the Department of Statistics (e1071), TU Wien},
  author={Dimitriadou, Evgenia and Hornik, Kurt and Leisch, Friedrich and Meyer, David and Weingessel, Andreas},
  journal={R package},
  pages={1--5},
  year={2008}
}

@article{bradley2011parallel,
  title={Parallel coordinate descent for l1-regularized loss minimization},
  author={Bradley, Joseph K and Kyrola, Aapo and Bickson, Danny and Guestrin, Carlos},
  journal={arXiv preprint arXiv:1105.5379},
  year={2011}
}

@article{shalev2011stochastic,
  title={Stochastic methods for l 1-regularized loss minimization},
  author={Shalev-Shwartz, Shai and Tewari, Ambuj},
  journal={The Journal of Machine Learning Research},
  volume={12},
  pages={1865--1892},
  year={2011},
  publisher={JMLR. org}
}
@article{friedman2007pathwise,
  title={Pathwise coordinate optimization},
  author={Friedman, Jerome and Hastie, Trevor and H{\"o}fling, Holger and Tibshirani, Robert and others},
  journal={The Annals of Applied Statistics},
  volume={1},
  number={2},
  pages={302--332},
  year={2007},
  publisher={Institute of Mathematical Statistics}
}